<record><leader>00000cas a2200000 a 4500</leader><controlfield tag="001">47006947</controlfield><controlfield tag="007">hd afa012bucu</controlfield><controlfield tag="008">010524d19131913hiuwx nea     0    0haw c</controlfield><datafield ind1=" " ind2=" " tag="010"><subfield code="a">  2001252230</subfield></datafield><datafield ind1=" " ind2=" " tag="040"><subfield code="a">WAU</subfield><subfield code="b">eng</subfield><subfield code="c">WAU</subfield><subfield code="d">OCLCQ</subfield><subfield code="d">OCLCF</subfield><subfield code="d">OCLCO</subfield></datafield><datafield ind1="1" ind2=" " tag="029"><subfield code="a">AU@</subfield><subfield code="b">000022726417</subfield></datafield><datafield ind1=" " ind2=" " tag="042"><subfield code="a">pcc</subfield></datafield><datafield ind1=" " ind2=" " tag="043"><subfield code="a">n-us-hi</subfield></datafield><datafield ind1="0" ind2="0" tag="245"><subfield code="a">Kuu hae Hawaii</subfield><subfield code="h">[microform] :</subfield><subfield code="b">Hoopukaia i na Poaono Apau, Honolulu, Hawaii.</subfield></datafield><datafield ind1="1" ind2=" " tag="246"><subfield code="i">Issues for &lt;June 6, 1913&gt;-Iulai 4, 1913 also have English title:</subfield><subfield code="a">My Hawaiian flag</subfield></datafield><datafield ind1=" " ind2=" " tag="260"><subfield code="a">Honolulu, Hawaii :</subfield><subfield code="b">Ka Nupepa Kuu Hae Hawaii,</subfield><subfield code="c">1913.</subfield></datafield><datafield ind1=" " ind2=" " tag="300"><subfield code="a">1 v. ;</subfield><subfield code="c">32 cm.</subfield></datafield><datafield ind1=" " ind2=" " tag="310"><subfield code="a">Weekly (irregular)</subfield></datafield><datafield ind1="0" ind2=" " tag="362"><subfield code="a">Buke 1, helu 1 (Aperila 19, 1913)-buke 1, helu 9 (Iulai 4, 1913).</subfield></datafield><datafield ind1=" " ind2=" " tag="500"><subfield code="a">Subtitle varies.</subfield></datafield><datafield ind1=" " ind2=" " tag="533"><subfield code="a">Microfilm.</subfield><subfield code="b">Honolulu, Hawaii :</subfield><subfield code="c">University of Hawaii Reprography,</subfield><subfield code="d">1969.</subfield><subfield code="e">1 microfilm reel ; 35 mm.</subfield><subfield code="n">Filmed other titles.</subfield></datafield><datafield ind1=" " ind2="0" tag="651"><subfield code="a">Honolulu (Hawaii)</subfield><subfield code="v">Newspapers.</subfield></datafield><datafield ind1=" " ind2="0" tag="651"><subfield code="a">Hawaii</subfield><subfield code="v">Newspapers.</subfield></datafield><datafield ind1=" " ind2="7" tag="655"><subfield code="a">Newspapers.</subfield><subfield code="2">fast</subfield><subfield code="0">(OCoLC)fst01423814</subfield></datafield><datafield ind1=" " ind2="7" tag="651"><subfield code="a">Hawaii.</subfield><subfield code="2">fast</subfield><subfield code="0">(OCoLC)fst01208724</subfield></datafield><datafield ind1=" " ind2="7" tag="651"><subfield code="a">Hawaii</subfield><subfield code="z">Honolulu.</subfield><subfield code="2">fast</subfield><subfield code="0">(OCoLC)fst01204916</subfield></datafield><datafield ind1=" " ind2=" " tag="752"><subfield code="a">United States</subfield><subfield code="b">Hawaii</subfield><subfield code="c">Honolulu</subfield><subfield code="d">Honolulu.</subfield></datafield><datafield ind1="1" ind2=" " tag="776"><subfield code="c">Original</subfield><subfield code="w">(DLC)sn 85047105</subfield><subfield code="w">(OCoLC)12078613</subfield></datafield></record>